@misc{lambda, 
  author = {Thepigdog},
  booktitle = {wikipedia.com},
  title = {{Lambda calculus}},
  note = {\url{http://en.wikipedia.org/wiki/Lambda_calculus}},
  year = {2014}
}
